%YAML 1.1
%TAG !u! tag:unity3d.com,2011:
--- !u!1 &7048215031269420176
GameObject:
  m_ObjectHideFlags: 0
  m_CorrespondingSourceObject: {fileID: 0}
  m_PrefabInstance: {fileID: 0}
  m_PrefabAsset: {fileID: 0}
  serializedVersion: 6
  m_Component:
  - component: {fileID: 7048215031269420177}
  - component: {fileID: 7048215031269420178}
  - component: {fileID: 5431743447329664199}
  m_Layer: 5
  m_Name: StatItemWithButtons
  m_TagString: Untagged
  m_Icon: {fileID: 0}
  m_NavMeshLayer: 0
  m_StaticEditorFlags: 0
  m_IsActive: 1
--- !u!224 &7048215031269420177
RectTransform:
  m_ObjectHideFlags: 0
  m_CorrespondingSourceObject: {fileID: 0}
  m_PrefabInstance: {fileID: 0}
  m_PrefabAsset: {fileID: 0}
  m_GameObject: {fileID: 7048215031269420176}
  m_LocalRotation: {x: 0, y: 0, z: 0, w: 1}
  m_LocalPosition: {x: 0, y: 0, z: 0}
  m_LocalScale: {x: 1, y: 1, z: 1}
  m_Children:
  - {fileID: 5136560860565927240}
  - {fileID: 7048215029976509776}
  - {fileID: 251748614276402048}
  - {fileID: 5775072788737867946}
  m_Father: {fileID: 0}
  m_RootOrder: 0
  m_LocalEulerAnglesHint: {x: 0, y: 0, z: 0}
  m_AnchorMin: {x: 0.5, y: 0.5}
  m_AnchorMax: {x: 0.5, y: 0.5}
  m_AnchoredPosition: {x: 0, y: 0}
  m_SizeDelta: {x: 0, y: 0}
  m_Pivot: {x: 0.5, y: 0.5}
--- !u!114 &7048215031269420178
MonoBehaviour:
  m_ObjectHideFlags: 0
  m_CorrespondingSourceObject: {fileID: 0}
  m_PrefabInstance: {fileID: 0}
  m_PrefabAsset: {fileID: 0}
  m_GameObject: {fileID: 7048215031269420176}
  m_Enabled: 1
  m_EditorHideFlags: 0
  m_Script: {fileID: -405508275, guid: f70555f144d8491a825f0804e09c671c, type: 3}
  m_Name: 
  m_EditorClassIdentifier: 
  m_Padding:
    m_Left: 0
    m_Right: 0
    m_Top: 0
    m_Bottom: 0
  m_ChildAlignment: 3
  m_Spacing: 50
  m_ChildForceExpandWidth: 1
  m_ChildForceExpandHeight: 1
  m_ChildControlWidth: 1
  m_ChildControlHeight: 1
--- !u!222 &5431743447329664199
CanvasRenderer:
  m_ObjectHideFlags: 0
  m_CorrespondingSourceObject: {fileID: 0}
  m_PrefabInstance: {fileID: 0}
  m_PrefabAsset: {fileID: 0}
  m_GameObject: {fileID: 7048215031269420176}
  m_CullTransparentMesh: 0
--- !u!1 &7437438316582137044
GameObject:
  m_ObjectHideFlags: 0
  m_CorrespondingSourceObject: {fileID: 0}
  m_PrefabInstance: {fileID: 0}
  m_PrefabAsset: {fileID: 0}
  serializedVersion: 6
  m_Component:
  - component: {fileID: 5775072788737867946}
  - component: {fileID: 6044874571300557953}
  - component: {fileID: 5153798717849258858}
  m_Layer: 5
  m_Name: NewVallue Text
  m_TagString: Untagged
  m_Icon: {fileID: 0}
  m_NavMeshLayer: 0
  m_StaticEditorFlags: 0
  m_IsActive: 1
--- !u!224 &5775072788737867946
RectTransform:
  m_ObjectHideFlags: 0
  m_CorrespondingSourceObject: {fileID: 0}
  m_PrefabInstance: {fileID: 0}
  m_PrefabAsset: {fileID: 0}
  m_GameObject: {fileID: 7437438316582137044}
  m_LocalRotation: {x: 0, y: 0, z: 0, w: 1}
  m_LocalPosition: {x: 0, y: 0, z: 0}
  m_LocalScale: {x: 1, y: 1, z: 1}
  m_Children: []
  m_Father: {fileID: 7048215031269420177}
  m_RootOrder: 3
  m_LocalEulerAnglesHint: {x: 0, y: 0, z: 0}
  m_AnchorMin: {x: 0, y: 0}
  m_AnchorMax: {x: 0, y: 0}
  m_AnchoredPosition: {x: 0, y: 0}
  m_SizeDelta: {x: 0, y: 0}
  m_Pivot: {x: 0.5, y: 0.5}
--- !u!222 &6044874571300557953
CanvasRenderer:
  m_ObjectHideFlags: 0
  m_CorrespondingSourceObject: {fileID: 0}
  m_PrefabInstance: {fileID: 0}
  m_PrefabAsset: {fileID: 0}
  m_GameObject: {fileID: 7437438316582137044}
  m_CullTransparentMesh: 0
--- !u!114 &5153798717849258858
MonoBehaviour:
  m_ObjectHideFlags: 0
  m_CorrespondingSourceObject: {fileID: 0}
  m_PrefabInstance: {fileID: 0}
  m_PrefabAsset: {fileID: 0}
  m_GameObject: {fileID: 7437438316582137044}
  m_Enabled: 1
  m_EditorHideFlags: 0
  m_Script: {fileID: 11500000, guid: f4688fdb7df04437aeb418b961361dc5, type: 3}
  m_Name: 
  m_EditorClassIdentifier: 
  m_Material: {fileID: 0}
  m_Color: {r: 1, g: 1, b: 1, a: 1}
  m_RaycastTarget: 1
  m_OnCullStateChanged:
    m_PersistentCalls:
      m_Calls: []
    m_TypeName: UnityEngine.UI.MaskableGraphic+CullStateChangedEvent, UnityEngine.UI,
      Version=1.0.0.0, Culture=neutral, PublicKeyToken=null
  m_text: NewValue
  m_isRightToLeft: 0
  m_fontAsset: {fileID: 11400000, guid: 5aa92a24a310e334a99594ce3006dcf0, type: 2}
  m_sharedMaterial: {fileID: 21283639306025602, guid: 5aa92a24a310e334a99594ce3006dcf0,
    type: 2}
  m_fontSharedMaterials: []
  m_fontMaterial: {fileID: 0}
  m_fontMaterials: []
  m_fontColor32:
    serializedVersion: 2
    rgba: 4282302392
  m_fontColor: {r: 0.72156864, g: 0.7490196, b: 0.24313726, a: 1}
  m_enableVertexGradient: 0
  m_colorMode: 3
  m_fontColorGradient:
    topLeft: {r: 1, g: 1, b: 1, a: 1}
    topRight: {r: 1, g: 1, b: 1, a: 1}
    bottomLeft: {r: 1, g: 1, b: 1, a: 1}
    bottomRight: {r: 1, g: 1, b: 1, a: 1}
  m_fontColorGradientPreset: {fileID: 0}
  m_spriteAsset: {fileID: 0}
  m_tintAllSprites: 0
  m_overrideHtmlColors: 0
  m_faceColor:
    serializedVersion: 2
    rgba: 4294967295
  m_outlineColor:
    serializedVersion: 2
    rgba: 4278190080
  m_fontSize: 16
  m_fontSizeBase: 16
  m_fontWeight: 400
  m_enableAutoSizing: 0
  m_fontSizeMin: 18
  m_fontSizeMax: 72
  m_fontStyle: 0
  m_textAlignment: 513
  m_isAlignmentEnumConverted: 1
  m_characterSpacing: 0
  m_wordSpacing: 0
  m_lineSpacing: 0
  m_lineSpacingMax: 0
  m_paragraphSpacing: 0
  m_charWidthMaxAdj: 0
  m_enableWordWrapping: 0
  m_wordWrappingRatios: 0.4
  m_overflowMode: 0
  m_firstOverflowCharacterIndex: 0
  m_linkedTextComponent: {fileID: 0}
  m_isLinkedTextComponent: 0
  m_isTextTruncated: 0
  m_enableKerning: 1
  m_enableExtraPadding: 0
  checkPaddingRequired: 0
  m_isRichText: 1
  m_parseCtrlCharacters: 1
  m_isOrthographic: 1
  m_isCullingEnabled: 0
  m_ignoreRectMaskCulling: 0
  m_ignoreCulling: 1
  m_horizontalMapping: 0
  m_verticalMapping: 0
  m_uvLineOffset: 0
  m_geometrySortingOrder: 0
  m_firstVisibleCharacter: 0
  m_useMaxVisibleDescender: 1
  m_pageToDisplay: 1
  m_margin: {x: 0, y: 0, z: 0, w: 0}
  m_textInfo:
    textComponent: {fileID: 5153798717849258858}
    characterCount: 8
    spriteCount: 0
    spaceCount: 0
    wordCount: 1
    linkCount: 0
    lineCount: 1
    pageCount: 1
    materialCount: 1
  m_havePropertiesChanged: 0
  m_isUsingLegacyAnimationComponent: 0
  m_isVolumetricText: 0
  m_spriteAnimator: {fileID: 0}
  m_isInputParsingRequired: 0
  m_inputSource: 0
  m_hasFontAssetChanged: 0
  m_subTextObjects:
  - {fileID: 0}
  - {fileID: 0}
  - {fileID: 0}
  - {fileID: 0}
  - {fileID: 0}
  - {fileID: 0}
  - {fileID: 0}
  - {fileID: 0}
  m_baseMaterial: {fileID: 0}
  m_maskOffset: {x: 0, y: 0, z: 0, w: 0}
--- !u!1 &8932205409523413109
GameObject:
  m_ObjectHideFlags: 0
  m_CorrespondingSourceObject: {fileID: 0}
  m_PrefabInstance: {fileID: 0}
  m_PrefabAsset: {fileID: 0}
  serializedVersion: 6
  m_Component:
  - component: {fileID: 5136560860565927240}
  - component: {fileID: 152525288175012959}
  - component: {fileID: 464628891867060912}
  m_Layer: 5
  m_Name: SkillPointsUsed text
  m_TagString: Untagged
  m_Icon: {fileID: 0}
  m_NavMeshLayer: 0
  m_StaticEditorFlags: 0
  m_IsActive: 1
--- !u!224 &5136560860565927240
RectTransform:
  m_ObjectHideFlags: 0
  m_CorrespondingSourceObject: {fileID: 0}
  m_PrefabInstance: {fileID: 0}
  m_PrefabAsset: {fileID: 0}
  m_GameObject: {fileID: 8932205409523413109}
  m_LocalRotation: {x: 0, y: 0, z: 0, w: 1}
  m_LocalPosition: {x: 0, y: 0, z: 0}
  m_LocalScale: {x: 1, y: 1, z: 1}
  m_Children: []
  m_Father: {fileID: 7048215031269420177}
  m_RootOrder: 0
  m_LocalEulerAnglesHint: {x: 0, y: 0, z: 0}
  m_AnchorMin: {x: 0, y: 0}
  m_AnchorMax: {x: 0, y: 0}
  m_AnchoredPosition: {x: 0, y: 0}
  m_SizeDelta: {x: 0, y: 0}
  m_Pivot: {x: 0.5, y: 0.5}
--- !u!222 &152525288175012959
CanvasRenderer:
  m_ObjectHideFlags: 0
  m_CorrespondingSourceObject: {fileID: 0}
  m_PrefabInstance: {fileID: 0}
  m_PrefabAsset: {fileID: 0}
  m_GameObject: {fileID: 8932205409523413109}
  m_CullTransparentMesh: 0
--- !u!114 &464628891867060912
MonoBehaviour:
  m_ObjectHideFlags: 0
  m_CorrespondingSourceObject: {fileID: 0}
  m_PrefabInstance: {fileID: 0}
  m_PrefabAsset: {fileID: 0}
  m_GameObject: {fileID: 8932205409523413109}
  m_Enabled: 1
  m_EditorHideFlags: 0
  m_Script: {fileID: 11500000, guid: f4688fdb7df04437aeb418b961361dc5, type: 3}
  m_Name: 
  m_EditorClassIdentifier: 
  m_Material: {fileID: 0}
  m_Color: {r: 1, g: 1, b: 1, a: 1}
  m_RaycastTarget: 1
  m_OnCullStateChanged:
    m_PersistentCalls:
      m_Calls: []
    m_TypeName: UnityEngine.UI.MaskableGraphic+CullStateChangedEvent, UnityEngine.UI,
      Version=1.0.0.0, Culture=neutral, PublicKeyToken=null
  m_text: 2 SP
  m_isRightToLeft: 0
  m_fontAsset: {fileID: 11400000, guid: 5aa92a24a310e334a99594ce3006dcf0, type: 2}
  m_sharedMaterial: {fileID: 21283639306025602, guid: 5aa92a24a310e334a99594ce3006dcf0,
    type: 2}
  m_fontSharedMaterials: []
  m_fontMaterial: {fileID: 0}
  m_fontMaterials: []
  m_fontColor32:
    serializedVersion: 2
    rgba: 4286273572
  m_fontColor: {r: 0.14117648, g: 0.34509805, b: 0.48235294, a: 1}
  m_enableVertexGradient: 0
  m_colorMode: 3
  m_fontColorGradient:
    topLeft: {r: 1, g: 1, b: 1, a: 1}
    topRight: {r: 1, g: 1, b: 1, a: 1}
    bottomLeft: {r: 1, g: 1, b: 1, a: 1}
    bottomRight: {r: 1, g: 1, b: 1, a: 1}
  m_fontColorGradientPreset: {fileID: 0}
  m_spriteAsset: {fileID: 0}
  m_tintAllSprites: 0
  m_overrideHtmlColors: 0
  m_faceColor:
    serializedVersion: 2
    rgba: 4294967295
  m_outlineColor:
    serializedVersion: 2
    rgba: 4278190080
  m_fontSize: 16
  m_fontSizeBase: 16
  m_fontWeight: 400
  m_enableAutoSizing: 0
  m_fontSizeMin: 18
  m_fontSizeMax: 72
  m_fontStyle: 0
  m_textAlignment: 513
  m_isAlignmentEnumConverted: 1
  m_characterSpacing: 0
  m_wordSpacing: 0
  m_lineSpacing: 0
  m_lineSpacingMax: 0
  m_paragraphSpacing: 0
  m_charWidthMaxAdj: 0
  m_enableWordWrapping: 0
  m_wordWrappingRatios: 0.4
  m_overflowMode: 0
  m_firstOverflowCharacterIndex: 0
  m_linkedTextComponent: {fileID: 0}
  m_isLinkedTextComponent: 0
  m_isTextTruncated: 0
  m_enableKerning: 1
  m_enableExtraPadding: 0
  checkPaddingRequired: 0
  m_isRichText: 1
  m_parseCtrlCharacters: 1
  m_isOrthographic: 1
  m_isCullingEnabled: 0
  m_ignoreRectMaskCulling: 0
  m_ignoreCulling: 1
  m_horizontalMapping: 0
  m_verticalMapping: 0
  m_uvLineOffset: 0
  m_geometrySortingOrder: 0
  m_firstVisibleCharacter: 0
  m_useMaxVisibleDescender: 1
  m_pageToDisplay: 1
  m_margin: {x: 0, y: 0, z: 0, w: 0}
  m_textInfo:
    textComponent: {fileID: 464628891867060912}
    characterCount: 4
    spriteCount: 0
    spaceCount: 1
    wordCount: 2
    linkCount: 0
    lineCount: 1
    pageCount: 1
    materialCount: 1
  m_havePropertiesChanged: 0
  m_isUsingLegacyAnimationComponent: 0
  m_isVolumetricText: 0
  m_spriteAnimator: {fileID: 0}
  m_isInputParsingRequired: 0
  m_inputSource: 0
  m_hasFontAssetChanged: 0
  m_subTextObjects:
  - {fileID: 0}
  - {fileID: 0}
  - {fileID: 0}
  - {fileID: 0}
  - {fileID: 0}
  - {fileID: 0}
  - {fileID: 0}
  - {fileID: 0}
  m_baseMaterial: {fileID: 0}
  m_maskOffset: {x: 0, y: 0, z: 0, w: 0}
--- !u!1001 &1459995900320579170
PrefabInstance:
  m_ObjectHideFlags: 0
  serializedVersion: 2
  m_Modification:
    m_TransformParent: {fileID: 7048215031269420177}
    m_Modifications:
    - target: {fileID: 8472036929023759149, guid: b77fb684f718ac84e9a7070172081dee,
        type: 3}
      propertyPath: m_Name
      value: Stat Buttons
      objectReference: {fileID: 0}
    - target: {fileID: 8472036929023759154, guid: b77fb684f718ac84e9a7070172081dee,
        type: 3}
      propertyPath: m_LocalPosition.x
      value: 0
      objectReference: {fileID: 0}
    - target: {fileID: 8472036929023759154, guid: b77fb684f718ac84e9a7070172081dee,
        type: 3}
      propertyPath: m_LocalPosition.y
      value: 0
      objectReference: {fileID: 0}
    - target: {fileID: 8472036929023759154, guid: b77fb684f718ac84e9a7070172081dee,
        type: 3}
      propertyPath: m_LocalPosition.z
      value: 0
      objectReference: {fileID: 0}
    - target: {fileID: 8472036929023759154, guid: b77fb684f718ac84e9a7070172081dee,
        type: 3}
      propertyPath: m_LocalRotation.x
      value: 0
      objectReference: {fileID: 0}
    - target: {fileID: 8472036929023759154, guid: b77fb684f718ac84e9a7070172081dee,
        type: 3}
      propertyPath: m_LocalRotation.y
      value: 0
      objectReference: {fileID: 0}
    - target: {fileID: 8472036929023759154, guid: b77fb684f718ac84e9a7070172081dee,
        type: 3}
      propertyPath: m_LocalRotation.z
      value: 0
      objectReference: {fileID: 0}
    - target: {fileID: 8472036929023759154, guid: b77fb684f718ac84e9a7070172081dee,
        type: 3}
      propertyPath: m_LocalRotation.w
      value: 1
      objectReference: {fileID: 0}
    - target: {fileID: 8472036929023759154, guid: b77fb684f718ac84e9a7070172081dee,
        type: 3}
      propertyPath: m_RootOrder
      value: 1
      objectReference: {fileID: 0}
    - target: {fileID: 8472036929023759154, guid: b77fb684f718ac84e9a7070172081dee,
        type: 3}
      propertyPath: m_LocalEulerAnglesHint.x
      value: 0
      objectReference: {fileID: 0}
    - target: {fileID: 8472036929023759154, guid: b77fb684f718ac84e9a7070172081dee,
        type: 3}
      propertyPath: m_LocalEulerAnglesHint.y
      value: 0
      objectReference: {fileID: 0}
    - target: {fileID: 8472036929023759154, guid: b77fb684f718ac84e9a7070172081dee,
        type: 3}
      propertyPath: m_LocalEulerAnglesHint.z
      value: 0
      objectReference: {fileID: 0}
    - target: {fileID: 8472036929023759154, guid: b77fb684f718ac84e9a7070172081dee,
        type: 3}
      propertyPath: m_AnchoredPosition.x
      value: 0
      objectReference: {fileID: 0}
    - target: {fileID: 8472036929023759154, guid: b77fb684f718ac84e9a7070172081dee,
        type: 3}
      propertyPath: m_AnchoredPosition.y
      value: 0
      objectReference: {fileID: 0}
    - target: {fileID: 8472036929023759154, guid: b77fb684f718ac84e9a7070172081dee,
        type: 3}
      propertyPath: m_SizeDelta.x
      value: 0
      objectReference: {fileID: 0}
    - target: {fileID: 8472036929023759154, guid: b77fb684f718ac84e9a7070172081dee,
        type: 3}
      propertyPath: m_SizeDelta.y
      value: 0
      objectReference: {fileID: 0}
    - target: {fileID: 8472036929023759154, guid: b77fb684f718ac84e9a7070172081dee,
        type: 3}
      propertyPath: m_AnchorMin.x
      value: 0
      objectReference: {fileID: 0}
    - target: {fileID: 8472036929023759154, guid: b77fb684f718ac84e9a7070172081dee,
        type: 3}
      propertyPath: m_AnchorMin.y
      value: 0
      objectReference: {fileID: 0}
    - target: {fileID: 8472036929023759154, guid: b77fb684f718ac84e9a7070172081dee,
        type: 3}
      propertyPath: m_AnchorMax.x
      value: 0
      objectReference: {fileID: 0}
    - target: {fileID: 8472036929023759154, guid: b77fb684f718ac84e9a7070172081dee,
        type: 3}
      propertyPath: m_AnchorMax.y
      value: 0
      objectReference: {fileID: 0}
    - target: {fileID: 8472036929023759154, guid: b77fb684f718ac84e9a7070172081dee,
        type: 3}
      propertyPath: m_Pivot.x
      value: 0.5
      objectReference: {fileID: 0}
    - target: {fileID: 8472036929023759154, guid: b77fb684f718ac84e9a7070172081dee,
        type: 3}
      propertyPath: m_Pivot.y
      value: 0.5
      objectReference: {fileID: 0}
    - target: {fileID: 8472036928920247887, guid: b77fb684f718ac84e9a7070172081dee,
        type: 3}
      propertyPath: m_AnchorMin.y
      value: 0
      objectReference: {fileID: 0}
    - target: {fileID: 8472036928920247887, guid: b77fb684f718ac84e9a7070172081dee,
        type: 3}
      propertyPath: m_AnchorMax.y
      value: 0
      objectReference: {fileID: 0}
    - target: {fileID: 8472036928920247887, guid: b77fb684f718ac84e9a7070172081dee,
        type: 3}
      propertyPath: m_AnchoredPosition.x
      value: 0
      objectReference: {fileID: 0}
    - target: {fileID: 8472036928920247887, guid: b77fb684f718ac84e9a7070172081dee,
        type: 3}
      propertyPath: m_AnchoredPosition.y
      value: 0
      objectReference: {fileID: 0}
    - target: {fileID: 8472036928920247887, guid: b77fb684f718ac84e9a7070172081dee,
        type: 3}
      propertyPath: m_SizeDelta.y
      value: 16
      objectReference: {fileID: 0}
    - target: {fileID: 8472036928920247887, guid: b77fb684f718ac84e9a7070172081dee,
        type: 3}
      propertyPath: m_SizeDelta.x
      value: 16
      objectReference: {fileID: 0}
    - target: {fileID: 8472036929805652946, guid: b77fb684f718ac84e9a7070172081dee,
        type: 3}
      propertyPath: m_AnchorMin.y
      value: 0
      objectReference: {fileID: 0}
    - target: {fileID: 8472036929805652946, guid: b77fb684f718ac84e9a7070172081dee,
        type: 3}
      propertyPath: m_AnchorMax.y
      value: 0
      objectReference: {fileID: 0}
    - target: {fileID: 8472036929805652946, guid: b77fb684f718ac84e9a7070172081dee,
        type: 3}
      propertyPath: m_AnchoredPosition.x
      value: 0
      objectReference: {fileID: 0}
    - target: {fileID: 8472036929805652946, guid: b77fb684f718ac84e9a7070172081dee,
        type: 3}
      propertyPath: m_AnchoredPosition.y
      value: 0
      objectReference: {fileID: 0}
    - target: {fileID: 8472036929805652946, guid: b77fb684f718ac84e9a7070172081dee,
        type: 3}
      propertyPath: m_SizeDelta.y
      value: 16
      objectReference: {fileID: 0}
    - target: {fileID: 8472036929805652946, guid: b77fb684f718ac84e9a7070172081dee,
        type: 3}
      propertyPath: m_SizeDelta.x
      value: 16
      objectReference: {fileID: 0}
    - target: {fileID: 8472036929023759155, guid: b77fb684f718ac84e9a7070172081dee,
        type: 3}
      propertyPath: m_ChildControlHeight
      value: 0
      objectReference: {fileID: 0}
    - target: {fileID: 8472036929023759155, guid: b77fb684f718ac84e9a7070172081dee,
        type: 3}
      propertyPath: m_ChildForceExpandHeight
      value: 0
      objectReference: {fileID: 0}
    - target: {fileID: 8472036929023759155, guid: b77fb684f718ac84e9a7070172081dee,
        type: 3}
      propertyPath: m_ChildControlWidth
      value: 0
      objectReference: {fileID: 0}
    - target: {fileID: 8472036929023759155, guid: b77fb684f718ac84e9a7070172081dee,
        type: 3}
      propertyPath: m_ChildForceExpandWidth
      value: 0
      objectReference: {fileID: 0}
    - target: {fileID: 8472036929023759155, guid: b77fb684f718ac84e9a7070172081dee,
        type: 3}
      propertyPath: m_Padding.m_Left
      value: 0
      objectReference: {fileID: 0}
    - target: {fileID: 8472036929023759155, guid: b77fb684f718ac84e9a7070172081dee,
        type: 3}
      propertyPath: m_Padding.m_Right
      value: 0
      objectReference: {fileID: 0}
    - target: {fileID: 8472036929023759155, guid: b77fb684f718ac84e9a7070172081dee,
        type: 3}
      propertyPath: m_Padding.m_Top
      value: 0
      objectReference: {fileID: 0}
    - target: {fileID: 8472036929023759155, guid: b77fb684f718ac84e9a7070172081dee,
        type: 3}
      propertyPath: m_Padding.m_Bottom
      value: 0
      objectReference: {fileID: 0}
    - target: {fileID: 8472036929023759155, guid: b77fb684f718ac84e9a7070172081dee,
        type: 3}
      propertyPath: m_ChildAlignment
      value: 5
      objectReference: {fileID: 0}
    - target: {fileID: 8472036928920247884, guid: b77fb684f718ac84e9a7070172081dee,
        type: 3}
      propertyPath: m_Colors.m_HighlightedColor.r
      value: 0.6320754
      objectReference: {fileID: 0}
    - target: {fileID: 8472036928920247884, guid: b77fb684f718ac84e9a7070172081dee,
        type: 3}
      propertyPath: m_Colors.m_HighlightedColor.g
      value: 0.6320754
      objectReference: {fileID: 0}
    - target: {fileID: 8472036928920247884, guid: b77fb684f718ac84e9a7070172081dee,
        type: 3}
      propertyPath: m_Colors.m_HighlightedColor.b
      value: 0.6320754
      objectReference: {fileID: 0}
    - target: {fileID: 8472036928920247884, guid: b77fb684f718ac84e9a7070172081dee,
        type: 3}
      propertyPath: m_Colors.m_PressedColor.r
      value: 0.14297792
      objectReference: {fileID: 0}
    - target: {fileID: 8472036928920247884, guid: b77fb684f718ac84e9a7070172081dee,
        type: 3}
      propertyPath: m_Colors.m_PressedColor.g
      value: 0.34541294
      objectReference: {fileID: 0}
    - target: {fileID: 8472036928920247884, guid: b77fb684f718ac84e9a7070172081dee,
        type: 3}
      propertyPath: m_Colors.m_PressedColor.b
      value: 0.4811321
      objectReference: {fileID: 0}
    - target: {fileID: 8472036928920247884, guid: b77fb684f718ac84e9a7070172081dee,
        type: 3}
      propertyPath: m_Colors.m_DisabledColor.r
      value: 0.6313726
      objectReference: {fileID: 0}
    - target: {fileID: 8472036928920247884, guid: b77fb684f718ac84e9a7070172081dee,
        type: 3}
      propertyPath: m_Colors.m_DisabledColor.g
      value: 0.6313726
      objectReference: {fileID: 0}
    - target: {fileID: 8472036928920247884, guid: b77fb684f718ac84e9a7070172081dee,
        type: 3}
      propertyPath: m_Colors.m_DisabledColor.b
      value: 0.6313726
      objectReference: {fileID: 0}
    - target: {fileID: 8472036928920247884, guid: b77fb684f718ac84e9a7070172081dee,
        type: 3}
      propertyPath: m_Colors.m_DisabledColor.a
      value: 1
      objectReference: {fileID: 0}
    - target: {fileID: 8472036928920247885, guid: b77fb684f718ac84e9a7070172081dee,
        type: 3}
      propertyPath: m_Color.r
      value: 1
      objectReference: {fileID: 0}
    - target: {fileID: 8472036928920247885, guid: b77fb684f718ac84e9a7070172081dee,
        type: 3}
      propertyPath: m_Color.g
      value: 1
      objectReference: {fileID: 0}
    - target: {fileID: 8472036928920247885, guid: b77fb684f718ac84e9a7070172081dee,
        type: 3}
      propertyPath: m_Color.b
      value: 1
      objectReference: {fileID: 0}
    - target: {fileID: 8472036929805652947, guid: b77fb684f718ac84e9a7070172081dee,
        type: 3}
      propertyPath: m_Colors.m_HighlightedColor.r
      value: 0.6313726
      objectReference: {fileID: 0}
    - target: {fileID: 8472036929805652947, guid: b77fb684f718ac84e9a7070172081dee,
        type: 3}
      propertyPath: m_Colors.m_HighlightedColor.g
      value: 0.6313726
      objectReference: {fileID: 0}
    - target: {fileID: 8472036929805652947, guid: b77fb684f718ac84e9a7070172081dee,
        type: 3}
      propertyPath: m_Colors.m_HighlightedColor.b
      value: 0.6313726
      objectReference: {fileID: 0}
    - target: {fileID: 8472036929805652947, guid: b77fb684f718ac84e9a7070172081dee,
        type: 3}
      propertyPath: m_Colors.m_PressedColor.r
      value: 0.14117648
      objectReference: {fileID: 0}
    - target: {fileID: 8472036929805652947, guid: b77fb684f718ac84e9a7070172081dee,
        type: 3}
      propertyPath: m_Colors.m_PressedColor.g
      value: 0.34509805
      objectReference: {fileID: 0}
    - target: {fileID: 8472036929805652947, guid: b77fb684f718ac84e9a7070172081dee,
        type: 3}
      propertyPath: m_Colors.m_PressedColor.b
      value: 0.48235294
      objectReference: {fileID: 0}
    - target: {fileID: 8472036929805652947, guid: b77fb684f718ac84e9a7070172081dee,
        type: 3}
      propertyPath: m_Colors.m_DisabledColor.r
      value: 0.6313726
      objectReference: {fileID: 0}
    - target: {fileID: 8472036929805652947, guid: b77fb684f718ac84e9a7070172081dee,
        type: 3}
      propertyPath: m_Colors.m_DisabledColor.g
      value: 0.6313726
      objectReference: {fileID: 0}
    - target: {fileID: 8472036929805652947, guid: b77fb684f718ac84e9a7070172081dee,
        type: 3}
      propertyPath: m_Colors.m_DisabledColor.b
      value: 0.6313726
      objectReference: {fileID: 0}
    - target: {fileID: 8472036929805652947, guid: b77fb684f718ac84e9a7070172081dee,
        type: 3}
      propertyPath: m_Colors.m_DisabledColor.a
      value: 1
      objectReference: {fileID: 0}
    m_RemovedComponents: []
  m_SourcePrefab: {fileID: 100100000, guid: b77fb684f718ac84e9a7070172081dee, type: 3}
--- !u!224 &7048215029976509776 stripped
RectTransform:
  m_CorrespondingSourceObject: {fileID: 8472036929023759154, guid: b77fb684f718ac84e9a7070172081dee,
    type: 3}
  m_PrefabInstance: {fileID: 1459995900320579170}
  m_PrefabAsset: {fileID: 0}
--- !u!1001 &7048215030638007922
PrefabInstance:
  m_ObjectHideFlags: 0
  serializedVersion: 2
  m_Modification:
    m_TransformParent: {fileID: 7048215031269420177}
    m_Modifications:
    - target: {fileID: 761746794434274104, guid: b820be63ce0b3d740aa1f91ebf47f334,
        type: 3}
      propertyPath: m_Name
      value: Stat Item
      objectReference: {fileID: 0}
    - target: {fileID: 7110671704801353202, guid: b820be63ce0b3d740aa1f91ebf47f334,
        type: 3}
      propertyPath: m_LocalPosition.x
      value: 0
      objectReference: {fileID: 0}
    - target: {fileID: 7110671704801353202, guid: b820be63ce0b3d740aa1f91ebf47f334,
        type: 3}
      propertyPath: m_LocalPosition.y
      value: 0
      objectReference: {fileID: 0}
    - target: {fileID: 7110671704801353202, guid: b820be63ce0b3d740aa1f91ebf47f334,
        type: 3}
      propertyPath: m_LocalPosition.z
      value: 0
      objectReference: {fileID: 0}
    - target: {fileID: 7110671704801353202, guid: b820be63ce0b3d740aa1f91ebf47f334,
        type: 3}
      propertyPath: m_LocalRotation.x
      value: -0
      objectReference: {fileID: 0}
    - target: {fileID: 7110671704801353202, guid: b820be63ce0b3d740aa1f91ebf47f334,
        type: 3}
      propertyPath: m_LocalRotation.y
      value: -0
      objectReference: {fileID: 0}
    - target: {fileID: 7110671704801353202, guid: b820be63ce0b3d740aa1f91ebf47f334,
        type: 3}
      propertyPath: m_LocalRotation.z
      value: -0
      objectReference: {fileID: 0}
    - target: {fileID: 7110671704801353202, guid: b820be63ce0b3d740aa1f91ebf47f334,
        type: 3}
      propertyPath: m_LocalRotation.w
      value: 1
      objectReference: {fileID: 0}
    - target: {fileID: 7110671704801353202, guid: b820be63ce0b3d740aa1f91ebf47f334,
        type: 3}
      propertyPath: m_RootOrder
      value: 2
      objectReference: {fileID: 0}
    - target: {fileID: 7110671704801353202, guid: b820be63ce0b3d740aa1f91ebf47f334,
        type: 3}
      propertyPath: m_LocalEulerAnglesHint.x
      value: 0
      objectReference: {fileID: 0}
    - target: {fileID: 7110671704801353202, guid: b820be63ce0b3d740aa1f91ebf47f334,
        type: 3}
      propertyPath: m_LocalEulerAnglesHint.y
      value: 0
      objectReference: {fileID: 0}
    - target: {fileID: 7110671704801353202, guid: b820be63ce0b3d740aa1f91ebf47f334,
        type: 3}
      propertyPath: m_LocalEulerAnglesHint.z
      value: 0
      objectReference: {fileID: 0}
    - target: {fileID: 7110671704801353202, guid: b820be63ce0b3d740aa1f91ebf47f334,
        type: 3}
      propertyPath: m_AnchoredPosition.x
      value: 0
      objectReference: {fileID: 0}
    - target: {fileID: 7110671704801353202, guid: b820be63ce0b3d740aa1f91ebf47f334,
        type: 3}
      propertyPath: m_AnchoredPosition.y
      value: 0
      objectReference: {fileID: 0}
    - target: {fileID: 7110671704801353202, guid: b820be63ce0b3d740aa1f91ebf47f334,
        type: 3}
      propertyPath: m_SizeDelta.x
      value: 0
      objectReference: {fileID: 0}
    - target: {fileID: 7110671704801353202, guid: b820be63ce0b3d740aa1f91ebf47f334,
        type: 3}
      propertyPath: m_SizeDelta.y
      value: 0
      objectReference: {fileID: 0}
    - target: {fileID: 7110671704801353202, guid: b820be63ce0b3d740aa1f91ebf47f334,
        type: 3}
      propertyPath: m_AnchorMin.x
      value: 0
      objectReference: {fileID: 0}
    - target: {fileID: 7110671704801353202, guid: b820be63ce0b3d740aa1f91ebf47f334,
        type: 3}
      propertyPath: m_AnchorMin.y
      value: 0
      objectReference: {fileID: 0}
    - target: {fileID: 7110671704801353202, guid: b820be63ce0b3d740aa1f91ebf47f334,
        type: 3}
      propertyPath: m_AnchorMax.x
      value: 0
      objectReference: {fileID: 0}
    - target: {fileID: 7110671704801353202, guid: b820be63ce0b3d740aa1f91ebf47f334,
        type: 3}
      propertyPath: m_AnchorMax.y
      value: 0
      objectReference: {fileID: 0}
    - target: {fileID: 7110671704801353202, guid: b820be63ce0b3d740aa1f91ebf47f334,
        type: 3}
      propertyPath: m_Pivot.x
      value: 0.5
      objectReference: {fileID: 0}
    - target: {fileID: 7110671704801353202, guid: b820be63ce0b3d740aa1f91ebf47f334,
        type: 3}
      propertyPath: m_Pivot.y
      value: 0.5
      objectReference: {fileID: 0}
    - target: {fileID: 3098280542476955020, guid: b820be63ce0b3d740aa1f91ebf47f334,
        type: 3}
      propertyPath: m_AnchorMin.y
      value: 0
      objectReference: {fileID: 0}
    - target: {fileID: 3098280542476955020, guid: b820be63ce0b3d740aa1f91ebf47f334,
        type: 3}
      propertyPath: m_AnchorMax.y
      value: 0
      objectReference: {fileID: 0}
    - target: {fileID: 3098280542476955020, guid: b820be63ce0b3d740aa1f91ebf47f334,
        type: 3}
      propertyPath: m_AnchoredPosition.x
      value: 0
      objectReference: {fileID: 0}
    - target: {fileID: 3098280542476955020, guid: b820be63ce0b3d740aa1f91ebf47f334,
        type: 3}
      propertyPath: m_AnchoredPosition.y
      value: 0
      objectReference: {fileID: 0}
    - target: {fileID: 3098280542476955020, guid: b820be63ce0b3d740aa1f91ebf47f334,
        type: 3}
      propertyPath: m_SizeDelta.y
      value: 0
      objectReference: {fileID: 0}
    - target: {fileID: 3098280542476955020, guid: b820be63ce0b3d740aa1f91ebf47f334,
        type: 3}
      propertyPath: m_SizeDelta.x
      value: 100
      objectReference: {fileID: 0}
    - target: {fileID: 3747690845145582789, guid: b820be63ce0b3d740aa1f91ebf47f334,
        type: 3}
      propertyPath: m_AnchorMin.y
      value: 0
      objectReference: {fileID: 0}
    - target: {fileID: 3747690845145582789, guid: b820be63ce0b3d740aa1f91ebf47f334,
        type: 3}
      propertyPath: m_AnchorMax.y
      value: 0
      objectReference: {fileID: 0}
    - target: {fileID: 3747690845145582789, guid: b820be63ce0b3d740aa1f91ebf47f334,
        type: 3}
      propertyPath: m_AnchoredPosition.x
      value: 0
      objectReference: {fileID: 0}
    - target: {fileID: 3747690845145582789, guid: b820be63ce0b3d740aa1f91ebf47f334,
        type: 3}
      propertyPath: m_AnchoredPosition.y
      value: 0
      objectReference: {fileID: 0}
    - target: {fileID: 3747690845145582789, guid: b820be63ce0b3d740aa1f91ebf47f334,
        type: 3}
      propertyPath: m_SizeDelta.y
      value: 0
      objectReference: {fileID: 0}
    - target: {fileID: 3747690845145582789, guid: b820be63ce0b3d740aa1f91ebf47f334,
        type: 3}
      propertyPath: m_SizeDelta.x
      value: 100
      objectReference: {fileID: 0}
    - target: {fileID: 2132940155351676230, guid: b820be63ce0b3d740aa1f91ebf47f334,
        type: 3}
      propertyPath: m_ChildControlWidth
      value: 0
      objectReference: {fileID: 0}
    - target: {fileID: 2132940155351676230, guid: b820be63ce0b3d740aa1f91ebf47f334,
        type: 3}
      propertyPath: m_ChildAlignment
      value: 3
      objectReference: {fileID: 0}
    - target: {fileID: 2132940155351676230, guid: b820be63ce0b3d740aa1f91ebf47f334,
        type: 3}
      propertyPath: m_Padding.m_Left
      value: 4
      objectReference: {fileID: 0}
    - target: {fileID: 7511948525271774820, guid: b820be63ce0b3d740aa1f91ebf47f334,
        type: 3}
      propertyPath: m_firstOverflowCharacterIndex
      value: 0
      objectReference: {fileID: 0}
    - target: {fileID: 7511948525271774820, guid: b820be63ce0b3d740aa1f91ebf47f334,
        type: 3}
      propertyPath: m_havePropertiesChanged
      value: 0
      objectReference: {fileID: 0}
    - target: {fileID: 7511948525271774820, guid: b820be63ce0b3d740aa1f91ebf47f334,
        type: 3}
      propertyPath: m_isInputParsingRequired
      value: 0
      objectReference: {fileID: 0}
    - target: {fileID: 5634677494843968692, guid: b820be63ce0b3d740aa1f91ebf47f334,
        type: 3}
      propertyPath: m_firstOverflowCharacterIndex
      value: 0
      objectReference: {fileID: 0}
    - target: {fileID: 5634677494843968692, guid: b820be63ce0b3d740aa1f91ebf47f334,
        type: 3}
      propertyPath: m_havePropertiesChanged
      value: 0
      objectReference: {fileID: 0}
    - target: {fileID: 5634677494843968692, guid: b820be63ce0b3d740aa1f91ebf47f334,
        type: 3}
      propertyPath: m_isInputParsingRequired
      value: 0
      objectReference: {fileID: 0}
    m_RemovedComponents: []
  m_SourcePrefab: {fileID: 100100000, guid: b820be63ce0b3d740aa1f91ebf47f334, type: 3}
--- !u!224 &251748614276402048 stripped
RectTransform:
  m_CorrespondingSourceObject: {fileID: 7110671704801353202, guid: b820be63ce0b3d740aa1f91ebf47f334,
    type: 3}
  m_PrefabInstance: {fileID: 7048215030638007922}
  m_PrefabAsset: {fileID: 0}
