%YAML 1.1
%TAG !u! tag:unity3d.com,2011:
--- !u!1 &1757796165589166793
GameObject:
  m_ObjectHideFlags: 0
  m_CorrespondingSourceObject: {fileID: 0}
  m_PrefabInstance: {fileID: 0}
  m_PrefabAsset: {fileID: 0}
  serializedVersion: 6
  m_Component:
  - component: {fileID: 6226132194462157720}
  m_Layer: 0
  m_Name: MultiSpikes_withModel
  m_TagString: Untagged
  m_Icon: {fileID: 0}
  m_NavMeshLayer: 0
  m_StaticEditorFlags: 0
  m_IsActive: 1
--- !u!4 &6226132194462157720
Transform:
  m_ObjectHideFlags: 0
  m_CorrespondingSourceObject: {fileID: 0}
  m_PrefabInstance: {fileID: 0}
  m_PrefabAsset: {fileID: 0}
  m_GameObject: {fileID: 1757796165589166793}
  m_LocalRotation: {x: 0, y: 0, z: 0, w: 1}
  m_LocalPosition: {x: 661.696, y: 131.525, z: 0.058}
  m_LocalScale: {x: 1, y: 1, z: 1}
  m_Children:
  - {fileID: 3666864704623253777}
  - {fileID: 3671026644997213846}
  m_Father: {fileID: 0}
  m_RootOrder: 0
  m_LocalEulerAnglesHint: {x: 0, y: 0, z: 0}
--- !u!1001 &3666864703202947985
PrefabInstance:
  m_ObjectHideFlags: 0
  serializedVersion: 2
  m_Modification:
    m_TransformParent: {fileID: 3666864704623253777}
    m_Modifications:
    - target: {fileID: 100000, guid: 4c1dbcbbe51b64059921ba367bc132fd, type: 3}
      propertyPath: m_Name
      value: steampunk_cog (1)
      objectReference: {fileID: 0}
    - target: {fileID: 400000, guid: 4c1dbcbbe51b64059921ba367bc132fd, type: 3}
      propertyPath: m_LocalPosition.x
      value: -0.599
      objectReference: {fileID: 0}
    - target: {fileID: 400000, guid: 4c1dbcbbe51b64059921ba367bc132fd, type: 3}
      propertyPath: m_LocalPosition.y
      value: 0.48280853
      objectReference: {fileID: 0}
    - target: {fileID: 400000, guid: 4c1dbcbbe51b64059921ba367bc132fd, type: 3}
      propertyPath: m_LocalPosition.z
      value: 0.057994757
      objectReference: {fileID: 0}
    - target: {fileID: 400000, guid: 4c1dbcbbe51b64059921ba367bc132fd, type: 3}
      propertyPath: m_LocalRotation.x
      value: -0.0000012798599
      objectReference: {fileID: 0}
    - target: {fileID: 400000, guid: 4c1dbcbbe51b64059921ba367bc132fd, type: 3}
      propertyPath: m_LocalRotation.y
      value: 0.0000012798599
      objectReference: {fileID: 0}
    - target: {fileID: 400000, guid: 4c1dbcbbe51b64059921ba367bc132fd, type: 3}
      propertyPath: m_LocalRotation.z
      value: 0.7071068
      objectReference: {fileID: 0}
    - target: {fileID: 400000, guid: 4c1dbcbbe51b64059921ba367bc132fd, type: 3}
      propertyPath: m_LocalRotation.w
      value: 0.7071068
      objectReference: {fileID: 0}
    - target: {fileID: 400000, guid: 4c1dbcbbe51b64059921ba367bc132fd, type: 3}
      propertyPath: m_RootOrder
      value: 0
      objectReference: {fileID: 0}
    - target: {fileID: 400000, guid: 4c1dbcbbe51b64059921ba367bc132fd, type: 3}
      propertyPath: m_LocalEulerAnglesHint.x
      value: 0
      objectReference: {fileID: 0}
    - target: {fileID: 400000, guid: 4c1dbcbbe51b64059921ba367bc132fd, type: 3}
      propertyPath: m_LocalEulerAnglesHint.y
      value: 0
      objectReference: {fileID: 0}
    - target: {fileID: 400000, guid: 4c1dbcbbe51b64059921ba367bc132fd, type: 3}
      propertyPath: m_LocalEulerAnglesHint.z
      value: 90
      objectReference: {fileID: 0}
    - target: {fileID: 400000, guid: 4c1dbcbbe51b64059921ba367bc132fd, type: 3}
      propertyPath: m_LocalScale.x
      value: 0.033333354
      objectReference: {fileID: 0}
    - target: {fileID: 400000, guid: 4c1dbcbbe51b64059921ba367bc132fd, type: 3}
      propertyPath: m_LocalScale.y
      value: 0.10000006
      objectReference: {fileID: 0}
    - target: {fileID: 400000, guid: 4c1dbcbbe51b64059921ba367bc132fd, type: 3}
      propertyPath: m_LocalScale.z
      value: 0.1
      objectReference: {fileID: 0}
    m_RemovedComponents: []
  m_SourcePrefab: {fileID: 100100000, guid: 4c1dbcbbe51b64059921ba367bc132fd, type: 3}
--- !u!1001 &3666864703323455129
PrefabInstance:
  m_ObjectHideFlags: 0
  serializedVersion: 2
  m_Modification:
    m_TransformParent: {fileID: 3666864704623253777}
    m_Modifications:
    - target: {fileID: 5765682991078556296, guid: f9193cefff437ae4f8bd3ad207327d01,
        type: 3}
      propertyPath: m_Name
      value: MultiSpikerThrower_Trap
      objectReference: {fileID: 0}
    - target: {fileID: 5765682991078556300, guid: f9193cefff437ae4f8bd3ad207327d01,
        type: 3}
      propertyPath: m_LocalPosition.x
      value: -0.25286865
      objectReference: {fileID: 0}
    - target: {fileID: 5765682991078556300, guid: f9193cefff437ae4f8bd3ad207327d01,
        type: 3}
      propertyPath: m_LocalPosition.y
      value: 0.31833395
      objectReference: {fileID: 0}
    - target: {fileID: 5765682991078556300, guid: f9193cefff437ae4f8bd3ad207327d01,
        type: 3}
      propertyPath: m_LocalPosition.z
      value: 0
      objectReference: {fileID: 0}
    - target: {fileID: 5765682991078556300, guid: f9193cefff437ae4f8bd3ad207327d01,
        type: 3}
      propertyPath: m_LocalRotation.x
      value: -0.0000018099951
      objectReference: {fileID: 0}
    - target: {fileID: 5765682991078556300, guid: f9193cefff437ae4f8bd3ad207327d01,
        type: 3}
      propertyPath: m_LocalRotation.y
      value: -0
      objectReference: {fileID: 0}
    - target: {fileID: 5765682991078556300, guid: f9193cefff437ae4f8bd3ad207327d01,
        type: 3}
      propertyPath: m_LocalRotation.z
      value: -0
      objectReference: {fileID: 0}
    - target: {fileID: 5765682991078556300, guid: f9193cefff437ae4f8bd3ad207327d01,
        type: 3}
      propertyPath: m_LocalRotation.w
      value: 1
      objectReference: {fileID: 0}
    - target: {fileID: 5765682991078556300, guid: f9193cefff437ae4f8bd3ad207327d01,
        type: 3}
      propertyPath: m_RootOrder
      value: 3
      objectReference: {fileID: 0}
    - target: {fileID: 5765682991078556300, guid: f9193cefff437ae4f8bd3ad207327d01,
        type: 3}
      propertyPath: m_LocalEulerAnglesHint.x
      value: 0
      objectReference: {fileID: 0}
    - target: {fileID: 5765682991078556300, guid: f9193cefff437ae4f8bd3ad207327d01,
        type: 3}
      propertyPath: m_LocalEulerAnglesHint.y
      value: 0
      objectReference: {fileID: 0}
    - target: {fileID: 5765682991078556300, guid: f9193cefff437ae4f8bd3ad207327d01,
        type: 3}
      propertyPath: m_LocalEulerAnglesHint.z
      value: 0
      objectReference: {fileID: 0}
    - target: {fileID: 5765682991078556300, guid: f9193cefff437ae4f8bd3ad207327d01,
        type: 3}
      propertyPath: m_LocalScale.x
      value: 1
      objectReference: {fileID: 0}
    - target: {fileID: 5765682991078556300, guid: f9193cefff437ae4f8bd3ad207327d01,
        type: 3}
      propertyPath: m_LocalScale.y
      value: 0.6791667
      objectReference: {fileID: 0}
    - target: {fileID: 5765682991078556300, guid: f9193cefff437ae4f8bd3ad207327d01,
        type: 3}
      propertyPath: m_LocalScale.z
      value: 1
      objectReference: {fileID: 0}
    - target: {fileID: 5765682991078556298, guid: f9193cefff437ae4f8bd3ad207327d01,
        type: 3}
      propertyPath: m_Enabled
      value: 0
      objectReference: {fileID: 0}
    - target: {fileID: 5765682991078556297, guid: f9193cefff437ae4f8bd3ad207327d01,
        type: 3}
      propertyPath: m_Enabled
      value: 0
      objectReference: {fileID: 0}
    - target: {fileID: 5765682991078556297, guid: f9193cefff437ae4f8bd3ad207327d01,
        type: 3}
      propertyPath: m_Center.x
      value: 0.43
      objectReference: {fileID: 0}
    - target: {fileID: 4075157696123249879, guid: f9193cefff437ae4f8bd3ad207327d01,
        type: 3}
      propertyPath: m_LocalPosition.x
      value: -0.778
      objectReference: {fileID: 0}
    - target: {fileID: 4075157696123249879, guid: f9193cefff437ae4f8bd3ad207327d01,
        type: 3}
      propertyPath: m_LocalPosition.z
      value: 0
      objectReference: {fileID: 0}
    - target: {fileID: 4075157696123249879, guid: f9193cefff437ae4f8bd3ad207327d01,
        type: 3}
      propertyPath: m_LocalPosition.y
      value: 0.271
      objectReference: {fileID: 0}
    - target: {fileID: 4075157696123249879, guid: f9193cefff437ae4f8bd3ad207327d01,
        type: 3}
      propertyPath: m_LocalRotation.x
      value: -0.012340746
      objectReference: {fileID: 0}
    - target: {fileID: 4075157696123249879, guid: f9193cefff437ae4f8bd3ad207327d01,
        type: 3}
      propertyPath: m_LocalRotation.y
      value: -0.7069991
      objectReference: {fileID: 0}
    - target: {fileID: 4075157696123249879, guid: f9193cefff437ae4f8bd3ad207327d01,
        type: 3}
      propertyPath: m_LocalRotation.z
      value: -0.012340746
      objectReference: {fileID: 0}
    - target: {fileID: 4075157696123249879, guid: f9193cefff437ae4f8bd3ad207327d01,
        type: 3}
      propertyPath: m_LocalRotation.w
      value: 0.7069991
      objectReference: {fileID: 0}
    - target: {fileID: 4075157696123249879, guid: f9193cefff437ae4f8bd3ad207327d01,
        type: 3}
      propertyPath: m_LocalEulerAnglesHint.x
      value: -2
      objectReference: {fileID: 0}
    - target: {fileID: 4075157696123249879, guid: f9193cefff437ae4f8bd3ad207327d01,
        type: 3}
      propertyPath: m_LocalEulerAnglesHint.y
      value: -90.00001
      objectReference: {fileID: 0}
    - target: {fileID: 4075157696123249872, guid: f9193cefff437ae4f8bd3ad207327d01,
        type: 3}
      propertyPath: _superiorProjectiles
      value: 1
      objectReference: {fileID: 0}
    - target: {fileID: 4075157696123249872, guid: f9193cefff437ae4f8bd3ad207327d01,
        type: 3}
      propertyPath: _inferiorProjectiles
      value: 1
      objectReference: {fileID: 0}
    - target: {fileID: 4075157696123249872, guid: f9193cefff437ae4f8bd3ad207327d01,
        type: 3}
      propertyPath: _increaseDistance
      value: 0.4
      objectReference: {fileID: 0}
    m_RemovedComponents: []
  m_SourcePrefab: {fileID: 100100000, guid: f9193cefff437ae4f8bd3ad207327d01, type: 3}
--- !u!114 &751692464924072521 stripped
MonoBehaviour:
  m_CorrespondingSourceObject: {fileID: 4075157696123249872, guid: f9193cefff437ae4f8bd3ad207327d01,
    type: 3}
  m_PrefabInstance: {fileID: 3666864703323455129}
  m_PrefabAsset: {fileID: 0}
  m_GameObject: {fileID: 0}
  m_Enabled: 1
  m_EditorHideFlags: 0
  m_Script: {fileID: 11500000, guid: 58fc4ad7f4c76714e910e6c14b0054ea, type: 3}
  m_Name: 
  m_EditorClassIdentifier: 
--- !u!1001 &3666864703571279098
PrefabInstance:
  m_ObjectHideFlags: 0
  serializedVersion: 2
  m_Modification:
    m_TransformParent: {fileID: 6226132194462157720}
    m_Modifications:
    - target: {fileID: 1924325118122762, guid: 43273b81298614d8883dbf51bd023c32, type: 3}
      propertyPath: m_Name
      value: spikes_Trigger
      objectReference: {fileID: 0}
    - target: {fileID: 4865672882762348, guid: 43273b81298614d8883dbf51bd023c32, type: 3}
      propertyPath: m_LocalPosition.x
      value: -5.7547607
      objectReference: {fileID: 0}
    - target: {fileID: 4865672882762348, guid: 43273b81298614d8883dbf51bd023c32, type: 3}
      propertyPath: m_LocalPosition.y
      value: -1.5121765
      objectReference: {fileID: 0}
    - target: {fileID: 4865672882762348, guid: 43273b81298614d8883dbf51bd023c32, type: 3}
      propertyPath: m_LocalPosition.z
      value: -0.058
      objectReference: {fileID: 0}
    - target: {fileID: 4865672882762348, guid: 43273b81298614d8883dbf51bd023c32, type: 3}
      propertyPath: m_LocalRotation.x
      value: -0
      objectReference: {fileID: 0}
    - target: {fileID: 4865672882762348, guid: 43273b81298614d8883dbf51bd023c32, type: 3}
      propertyPath: m_LocalRotation.y
      value: -0
      objectReference: {fileID: 0}
    - target: {fileID: 4865672882762348, guid: 43273b81298614d8883dbf51bd023c32, type: 3}
      propertyPath: m_LocalRotation.z
      value: -0
      objectReference: {fileID: 0}
    - target: {fileID: 4865672882762348, guid: 43273b81298614d8883dbf51bd023c32, type: 3}
      propertyPath: m_LocalRotation.w
      value: 1
      objectReference: {fileID: 0}
    - target: {fileID: 4865672882762348, guid: 43273b81298614d8883dbf51bd023c32, type: 3}
      propertyPath: m_RootOrder
      value: 1
      objectReference: {fileID: 0}
    - target: {fileID: 4865672882762348, guid: 43273b81298614d8883dbf51bd023c32, type: 3}
      propertyPath: m_LocalEulerAnglesHint.x
      value: 0
      objectReference: {fileID: 0}
    - target: {fileID: 4865672882762348, guid: 43273b81298614d8883dbf51bd023c32, type: 3}
      propertyPath: m_LocalEulerAnglesHint.y
      value: 0
      objectReference: {fileID: 0}
    - target: {fileID: 4865672882762348, guid: 43273b81298614d8883dbf51bd023c32, type: 3}
      propertyPath: m_LocalEulerAnglesHint.z
      value: 0
      objectReference: {fileID: 0}
    - target: {fileID: 4865672882762348, guid: 43273b81298614d8883dbf51bd023c32, type: 3}
      propertyPath: m_LocalScale.x
      value: 0.2
      objectReference: {fileID: 0}
    - target: {fileID: 4865672882762348, guid: 43273b81298614d8883dbf51bd023c32, type: 3}
      propertyPath: m_LocalScale.y
      value: 0.2
      objectReference: {fileID: 0}
    - target: {fileID: 4865672882762348, guid: 43273b81298614d8883dbf51bd023c32, type: 3}
      propertyPath: m_LocalScale.z
      value: 0.2
      objectReference: {fileID: 0}
    m_RemovedComponents: []
  m_SourcePrefab: {fileID: 100100000, guid: 43273b81298614d8883dbf51bd023c32, type: 3}
--- !u!4 &3671026644997213846 stripped
Transform:
  m_CorrespondingSourceObject: {fileID: 4865672882762348, guid: 43273b81298614d8883dbf51bd023c32,
    type: 3}
  m_PrefabInstance: {fileID: 3666864703571279098}
  m_PrefabAsset: {fileID: 0}
--- !u!1001 &3666864704276777248
PrefabInstance:
  m_ObjectHideFlags: 0
  serializedVersion: 2
  m_Modification:
    m_TransformParent: {fileID: 3666864704623253777}
    m_Modifications:
    - target: {fileID: 100000, guid: 4c1dbcbbe51b64059921ba367bc132fd, type: 3}
      propertyPath: m_Name
      value: steampunk_cog (2)
      objectReference: {fileID: 0}
    - target: {fileID: 400000, guid: 4c1dbcbbe51b64059921ba367bc132fd, type: 3}
      propertyPath: m_LocalPosition.x
      value: -0.576
      objectReference: {fileID: 0}
    - target: {fileID: 400000, guid: 4c1dbcbbe51b64059921ba367bc132fd, type: 3}
      propertyPath: m_LocalPosition.y
      value: 0.6188101
      objectReference: {fileID: 0}
    - target: {fileID: 400000, guid: 4c1dbcbbe51b64059921ba367bc132fd, type: 3}
      propertyPath: m_LocalPosition.z
      value: 0.057993278
      objectReference: {fileID: 0}
    - target: {fileID: 400000, guid: 4c1dbcbbe51b64059921ba367bc132fd, type: 3}
      propertyPath: m_LocalRotation.x
      value: -0.0000012798599
      objectReference: {fileID: 0}
    - target: {fileID: 400000, guid: 4c1dbcbbe51b64059921ba367bc132fd, type: 3}
      propertyPath: m_LocalRotation.y
      value: 0.0000012798599
      objectReference: {fileID: 0}
    - target: {fileID: 400000, guid: 4c1dbcbbe51b64059921ba367bc132fd, type: 3}
      propertyPath: m_LocalRotation.z
      value: 0.7071068
      objectReference: {fileID: 0}
    - target: {fileID: 400000, guid: 4c1dbcbbe51b64059921ba367bc132fd, type: 3}
      propertyPath: m_LocalRotation.w
      value: 0.7071068
      objectReference: {fileID: 0}
    - target: {fileID: 400000, guid: 4c1dbcbbe51b64059921ba367bc132fd, type: 3}
      propertyPath: m_RootOrder
      value: 1
      objectReference: {fileID: 0}
    - target: {fileID: 400000, guid: 4c1dbcbbe51b64059921ba367bc132fd, type: 3}
      propertyPath: m_LocalEulerAnglesHint.x
      value: 0
      objectReference: {fileID: 0}
    - target: {fileID: 400000, guid: 4c1dbcbbe51b64059921ba367bc132fd, type: 3}
      propertyPath: m_LocalEulerAnglesHint.y
      value: 0
      objectReference: {fileID: 0}
    - target: {fileID: 400000, guid: 4c1dbcbbe51b64059921ba367bc132fd, type: 3}
      propertyPath: m_LocalEulerAnglesHint.z
      value: 90
      objectReference: {fileID: 0}
    - target: {fileID: 400000, guid: 4c1dbcbbe51b64059921ba367bc132fd, type: 3}
      propertyPath: m_LocalScale.x
      value: 0.033333354
      objectReference: {fileID: 0}
    - target: {fileID: 400000, guid: 4c1dbcbbe51b64059921ba367bc132fd, type: 3}
      propertyPath: m_LocalScale.y
      value: 0.10000006
      objectReference: {fileID: 0}
    - target: {fileID: 400000, guid: 4c1dbcbbe51b64059921ba367bc132fd, type: 3}
      propertyPath: m_LocalScale.z
      value: 0.1
      objectReference: {fileID: 0}
    m_RemovedComponents: []
  m_SourcePrefab: {fileID: 100100000, guid: 4c1dbcbbe51b64059921ba367bc132fd, type: 3}
--- !u!1001 &3666864704609290223
PrefabInstance:
  m_ObjectHideFlags: 0
  serializedVersion: 2
  m_Modification:
    m_TransformParent: {fileID: 3666864704623253777}
    m_Modifications:
    - target: {fileID: 100000, guid: 4c1dbcbbe51b64059921ba367bc132fd, type: 3}
      propertyPath: m_Name
      value: steampunk_cog (3)
      objectReference: {fileID: 0}
    - target: {fileID: 400000, guid: 4c1dbcbbe51b64059921ba367bc132fd, type: 3}
      propertyPath: m_LocalPosition.x
      value: -0.65185547
      objectReference: {fileID: 0}
    - target: {fileID: 400000, guid: 4c1dbcbbe51b64059921ba367bc132fd, type: 3}
      propertyPath: m_LocalPosition.y
      value: 0.363144
      objectReference: {fileID: 0}
    - target: {fileID: 400000, guid: 4c1dbcbbe51b64059921ba367bc132fd, type: 3}
      propertyPath: m_LocalPosition.z
      value: 0.057996053
      objectReference: {fileID: 0}
    - target: {fileID: 400000, guid: 4c1dbcbbe51b64059921ba367bc132fd, type: 3}
      propertyPath: m_LocalRotation.x
      value: -0.0000012798599
      objectReference: {fileID: 0}
    - target: {fileID: 400000, guid: 4c1dbcbbe51b64059921ba367bc132fd, type: 3}
      propertyPath: m_LocalRotation.y
      value: 0.0000012798599
      objectReference: {fileID: 0}
    - target: {fileID: 400000, guid: 4c1dbcbbe51b64059921ba367bc132fd, type: 3}
      propertyPath: m_LocalRotation.z
      value: 0.7071068
      objectReference: {fileID: 0}
    - target: {fileID: 400000, guid: 4c1dbcbbe51b64059921ba367bc132fd, type: 3}
      propertyPath: m_LocalRotation.w
      value: 0.7071068
      objectReference: {fileID: 0}
    - target: {fileID: 400000, guid: 4c1dbcbbe51b64059921ba367bc132fd, type: 3}
      propertyPath: m_RootOrder
      value: 2
      objectReference: {fileID: 0}
    - target: {fileID: 400000, guid: 4c1dbcbbe51b64059921ba367bc132fd, type: 3}
      propertyPath: m_LocalEulerAnglesHint.x
      value: 0
      objectReference: {fileID: 0}
    - target: {fileID: 400000, guid: 4c1dbcbbe51b64059921ba367bc132fd, type: 3}
      propertyPath: m_LocalEulerAnglesHint.y
      value: 0
      objectReference: {fileID: 0}
    - target: {fileID: 400000, guid: 4c1dbcbbe51b64059921ba367bc132fd, type: 3}
      propertyPath: m_LocalEulerAnglesHint.z
      value: 90
      objectReference: {fileID: 0}
    - target: {fileID: 400000, guid: 4c1dbcbbe51b64059921ba367bc132fd, type: 3}
      propertyPath: m_LocalScale.x
      value: 0.033333354
      objectReference: {fileID: 0}
    - target: {fileID: 400000, guid: 4c1dbcbbe51b64059921ba367bc132fd, type: 3}
      propertyPath: m_LocalScale.y
      value: 0.10000006
      objectReference: {fileID: 0}
    - target: {fileID: 400000, guid: 4c1dbcbbe51b64059921ba367bc132fd, type: 3}
      propertyPath: m_LocalScale.z
      value: 0.1
      objectReference: {fileID: 0}
    m_RemovedComponents: []
  m_SourcePrefab: {fileID: 100100000, guid: 4c1dbcbbe51b64059921ba367bc132fd, type: 3}
--- !u!1001 &3666864704623117201
PrefabInstance:
  m_ObjectHideFlags: 0
  serializedVersion: 2
  m_Modification:
    m_TransformParent: {fileID: 6226132194462157720}
    m_Modifications:
    - target: {fileID: 100000, guid: 3331891cba1e44b3b88fa623eb58e759, type: 3}
      propertyPath: m_Name
      value: MultiSpikesWithModel
      objectReference: {fileID: 0}
    - target: {fileID: 400000, guid: 3331891cba1e44b3b88fa623eb58e759, type: 3}
      propertyPath: m_LocalPosition.x
      value: 0.631897
      objectReference: {fileID: 0}
    - target: {fileID: 400000, guid: 3331891cba1e44b3b88fa623eb58e759, type: 3}
      propertyPath: m_LocalPosition.y
      value: -1.4484253
      objectReference: {fileID: 0}
    - target: {fileID: 400000, guid: 3331891cba1e44b3b88fa623eb58e759, type: 3}
      propertyPath: m_LocalPosition.z
      value: -0.058
      objectReference: {fileID: 0}
    - target: {fileID: 400000, guid: 3331891cba1e44b3b88fa623eb58e759, type: 3}
      propertyPath: m_LocalRotation.x
      value: 0.0000018099951
      objectReference: {fileID: 0}
    - target: {fileID: 400000, guid: 3331891cba1e44b3b88fa623eb58e759, type: 3}
      propertyPath: m_LocalRotation.y
      value: -0
      objectReference: {fileID: 0}
    - target: {fileID: 400000, guid: 3331891cba1e44b3b88fa623eb58e759, type: 3}
      propertyPath: m_LocalRotation.z
      value: -0
      objectReference: {fileID: 0}
    - target: {fileID: 400000, guid: 3331891cba1e44b3b88fa623eb58e759, type: 3}
      propertyPath: m_LocalRotation.w
      value: 1
      objectReference: {fileID: 0}
    - target: {fileID: 400000, guid: 3331891cba1e44b3b88fa623eb58e759, type: 3}
      propertyPath: m_RootOrder
      value: 0
      objectReference: {fileID: 0}
    - target: {fileID: 400000, guid: 3331891cba1e44b3b88fa623eb58e759, type: 3}
      propertyPath: m_LocalEulerAnglesHint.x
      value: 0
      objectReference: {fileID: 0}
    - target: {fileID: 400000, guid: 3331891cba1e44b3b88fa623eb58e759, type: 3}
      propertyPath: m_LocalEulerAnglesHint.y
      value: 0
      objectReference: {fileID: 0}
    - target: {fileID: 400000, guid: 3331891cba1e44b3b88fa623eb58e759, type: 3}
      propertyPath: m_LocalEulerAnglesHint.z
      value: 0
      objectReference: {fileID: 0}
    - target: {fileID: 400000, guid: 3331891cba1e44b3b88fa623eb58e759, type: 3}
      propertyPath: m_LocalScale.y
      value: 3
      objectReference: {fileID: 0}
    m_RemovedComponents: []
  m_SourcePrefab: {fileID: 100100000, guid: 3331891cba1e44b3b88fa623eb58e759, type: 3}
--- !u!4 &3666864704623253777 stripped
Transform:
  m_CorrespondingSourceObject: {fileID: 400000, guid: 3331891cba1e44b3b88fa623eb58e759,
    type: 3}
  m_PrefabInstance: {fileID: 3666864704623117201}
  m_PrefabAsset: {fileID: 0}
--- !u!1001 &3666864704865311810
PrefabInstance:
  m_ObjectHideFlags: 0
  serializedVersion: 2
  m_Modification:
    m_TransformParent: {fileID: 3671026644997213846}
    m_Modifications:
    - target: {fileID: 1414867498300741807, guid: de1720fb9646eca43aa6f41871c9b579,
        type: 3}
      propertyPath: m_Name
      value: TrapTrigger
      objectReference: {fileID: 0}
    - target: {fileID: 3656290290985206916, guid: de1720fb9646eca43aa6f41871c9b579,
        type: 3}
      propertyPath: m_LocalPosition.x
      value: 0
      objectReference: {fileID: 0}
    - target: {fileID: 3656290290985206916, guid: de1720fb9646eca43aa6f41871c9b579,
        type: 3}
      propertyPath: m_LocalPosition.y
      value: 0
      objectReference: {fileID: 0}
    - target: {fileID: 3656290290985206916, guid: de1720fb9646eca43aa6f41871c9b579,
        type: 3}
      propertyPath: m_LocalPosition.z
      value: 0
      objectReference: {fileID: 0}
    - target: {fileID: 3656290290985206916, guid: de1720fb9646eca43aa6f41871c9b579,
        type: 3}
      propertyPath: m_LocalRotation.x
      value: -0
      objectReference: {fileID: 0}
    - target: {fileID: 3656290290985206916, guid: de1720fb9646eca43aa6f41871c9b579,
        type: 3}
      propertyPath: m_LocalRotation.y
      value: -0
      objectReference: {fileID: 0}
    - target: {fileID: 3656290290985206916, guid: de1720fb9646eca43aa6f41871c9b579,
        type: 3}
      propertyPath: m_LocalRotation.z
      value: -0
      objectReference: {fileID: 0}
    - target: {fileID: 3656290290985206916, guid: de1720fb9646eca43aa6f41871c9b579,
        type: 3}
      propertyPath: m_LocalRotation.w
      value: 1
      objectReference: {fileID: 0}
    - target: {fileID: 3656290290985206916, guid: de1720fb9646eca43aa6f41871c9b579,
        type: 3}
      propertyPath: m_RootOrder
      value: 0
      objectReference: {fileID: 0}
    - target: {fileID: 3656290290985206916, guid: de1720fb9646eca43aa6f41871c9b579,
        type: 3}
      propertyPath: m_LocalEulerAnglesHint.x
      value: 0
      objectReference: {fileID: 0}
    - target: {fileID: 3656290290985206916, guid: de1720fb9646eca43aa6f41871c9b579,
        type: 3}
      propertyPath: m_LocalEulerAnglesHint.y
      value: 0
      objectReference: {fileID: 0}
    - target: {fileID: 3656290290985206916, guid: de1720fb9646eca43aa6f41871c9b579,
        type: 3}
      propertyPath: m_LocalEulerAnglesHint.z
      value: 0
      objectReference: {fileID: 0}
    - target: {fileID: 3656290290985206916, guid: de1720fb9646eca43aa6f41871c9b579,
        type: 3}
      propertyPath: m_LocalScale.x
      value: 5
      objectReference: {fileID: 0}
    - target: {fileID: 3656290290985206916, guid: de1720fb9646eca43aa6f41871c9b579,
        type: 3}
      propertyPath: m_LocalScale.y
      value: 5
      objectReference: {fileID: 0}
    - target: {fileID: 3656290290985206916, guid: de1720fb9646eca43aa6f41871c9b579,
        type: 3}
      propertyPath: m_LocalScale.z
      value: 5
      objectReference: {fileID: 0}
    - target: {fileID: 5923395868574611617, guid: de1720fb9646eca43aa6f41871c9b579,
        type: 3}
      propertyPath: _trap
      value: 
      objectReference: {fileID: 751692464924072521}
    - target: {fileID: 5923395868574611617, guid: de1720fb9646eca43aa6f41871c9b579,
        type: 3}
      propertyPath: _clipOnClick
      value: 
      objectReference: {fileID: 8300000, guid: 96d231d7ab31cc946b780d1174679374, type: 3}
    m_RemovedComponents: []
  m_SourcePrefab: {fileID: 100100000, guid: de1720fb9646eca43aa6f41871c9b579, type: 3}
