%YAML 1.1
%TAG !u! tag:unity3d.com,2011:
--- !u!1 &1059193830808235218
GameObject:
  m_ObjectHideFlags: 0
  m_CorrespondingSourceObject: {fileID: 0}
  m_PrefabInstance: {fileID: 0}
  m_PrefabAsset: {fileID: 0}
  serializedVersion: 6
  m_Component:
  - component: {fileID: 1843653180919810673}
  - component: {fileID: 5357016448294821579}
  m_Layer: 0
  m_Name: respawn_lamp
  m_TagString: Untagged
  m_Icon: {fileID: 0}
  m_NavMeshLayer: 0
  m_StaticEditorFlags: 0
  m_IsActive: 1
--- !u!4 &1843653180919810673
Transform:
  m_ObjectHideFlags: 0
  m_CorrespondingSourceObject: {fileID: 0}
  m_PrefabInstance: {fileID: 0}
  m_PrefabAsset: {fileID: 0}
  m_GameObject: {fileID: 1059193830808235218}
  m_LocalRotation: {x: 0, y: 0, z: 0, w: 1}
  m_LocalPosition: {x: 0, y: 0, z: 2.5}
  m_LocalScale: {x: 1, y: 1, z: 1}
  m_Children:
  - {fileID: 7584930854058327850}
  - {fileID: 6514711643192598837}
  - {fileID: 6504034631495627853}
  m_Father: {fileID: 0}
  m_RootOrder: 0
  m_LocalEulerAnglesHint: {x: 0, y: 0, z: 0}
--- !u!114 &5357016448294821579
MonoBehaviour:
  m_ObjectHideFlags: 0
  m_CorrespondingSourceObject: {fileID: 0}
  m_PrefabInstance: {fileID: 0}
  m_PrefabAsset: {fileID: 0}
  m_GameObject: {fileID: 1059193830808235218}
  m_Enabled: 1
  m_EditorHideFlags: 0
  m_Script: {fileID: 11500000, guid: 28883295c9c168d48875f2f9f61ebf66, type: 3}
  m_Name: 
  m_EditorClassIdentifier: 
  _light: {fileID: 2812421220683807590}
  _minIntensity: 0.5
  _maxIntensity: 0.8
  _duration: 1
  _waitTime: 1
--- !u!1 &1420255591383303289
GameObject:
  m_ObjectHideFlags: 0
  m_CorrespondingSourceObject: {fileID: 0}
  m_PrefabInstance: {fileID: 0}
  m_PrefabAsset: {fileID: 0}
  serializedVersion: 6
  m_Component:
  - component: {fileID: 6514711643192598837}
  - component: {fileID: 2812421220683807590}
  m_Layer: 0
  m_Name: Point Light
  m_TagString: Untagged
  m_Icon: {fileID: 0}
  m_NavMeshLayer: 0
  m_StaticEditorFlags: 0
  m_IsActive: 1
--- !u!4 &6514711643192598837
Transform:
  m_ObjectHideFlags: 0
  m_CorrespondingSourceObject: {fileID: 0}
  m_PrefabInstance: {fileID: 0}
  m_PrefabAsset: {fileID: 0}
  m_GameObject: {fileID: 1420255591383303289}
  m_LocalRotation: {x: -0, y: -0, z: -0, w: 1}
  m_LocalPosition: {x: -1.65, y: 7.99, z: -0.013}
  m_LocalScale: {x: 1, y: 1, z: 1}
  m_Children: []
  m_Father: {fileID: 1843653180919810673}
  m_RootOrder: 1
  m_LocalEulerAnglesHint: {x: 0, y: 0, z: 0}
--- !u!108 &2812421220683807590
Light:
  m_ObjectHideFlags: 0
  m_CorrespondingSourceObject: {fileID: 0}
  m_PrefabInstance: {fileID: 0}
  m_PrefabAsset: {fileID: 0}
  m_GameObject: {fileID: 1420255591383303289}
  m_Enabled: 1
  serializedVersion: 8
  m_Type: 2
  m_Color: {r: 1, g: 0.94664365, b: 0.11792451, a: 1}
  m_Intensity: 0.6
  m_Range: 9.537333
  m_SpotAngle: 30
  m_CookieSize: 10
  m_Shadows:
    m_Type: 0
    m_Resolution: -1
    m_CustomResolution: -1
    m_Strength: 1
    m_Bias: 0.05
    m_NormalBias: 0.4
    m_NearPlane: 0.2
  m_Cookie: {fileID: 0}
  m_DrawHalo: 0
  m_Flare: {fileID: 0}
  m_RenderMode: 1
  m_CullingMask:
    serializedVersion: 2
    m_Bits: 4294967295
  m_Lightmapping: 4
  m_LightShadowCasterMode: 0
  m_AreaSize: {x: 1, y: 1}
  m_BounceIntensity: 1
  m_ColorTemperature: 6570
  m_UseColorTemperature: 0
  m_ShadowRadius: 0
  m_ShadowAngle: 0
--- !u!1001 &1762443725923506189
PrefabInstance:
  m_ObjectHideFlags: 0
  serializedVersion: 2
  m_Modification:
    m_TransformParent: {fileID: 1843653180919810673}
    m_Modifications:
    - target: {fileID: 4771436478837025887, guid: 8ceb0f1cc58c4d74799be2f58daab44c,
        type: 3}
      propertyPath: m_Name
      value: Fireflies
      objectReference: {fileID: 0}
    - target: {fileID: 4771436478837025856, guid: 8ceb0f1cc58c4d74799be2f58daab44c,
        type: 3}
      propertyPath: m_LocalPosition.x
      value: -1.6
      objectReference: {fileID: 0}
    - target: {fileID: 4771436478837025856, guid: 8ceb0f1cc58c4d74799be2f58daab44c,
        type: 3}
      propertyPath: m_LocalPosition.y
      value: 8.5
      objectReference: {fileID: 0}
    - target: {fileID: 4771436478837025856, guid: 8ceb0f1cc58c4d74799be2f58daab44c,
        type: 3}
      propertyPath: m_LocalPosition.z
      value: 0
      objectReference: {fileID: 0}
    - target: {fileID: 4771436478837025856, guid: 8ceb0f1cc58c4d74799be2f58daab44c,
        type: 3}
      propertyPath: m_LocalRotation.x
      value: 0
      objectReference: {fileID: 0}
    - target: {fileID: 4771436478837025856, guid: 8ceb0f1cc58c4d74799be2f58daab44c,
        type: 3}
      propertyPath: m_LocalRotation.y
      value: 0
      objectReference: {fileID: 0}
    - target: {fileID: 4771436478837025856, guid: 8ceb0f1cc58c4d74799be2f58daab44c,
        type: 3}
      propertyPath: m_LocalRotation.z
      value: 0
      objectReference: {fileID: 0}
    - target: {fileID: 4771436478837025856, guid: 8ceb0f1cc58c4d74799be2f58daab44c,
        type: 3}
      propertyPath: m_LocalRotation.w
      value: 1
      objectReference: {fileID: 0}
    - target: {fileID: 4771436478837025856, guid: 8ceb0f1cc58c4d74799be2f58daab44c,
        type: 3}
      propertyPath: m_RootOrder
      value: 2
      objectReference: {fileID: 0}
    - target: {fileID: 4771436478837025856, guid: 8ceb0f1cc58c4d74799be2f58daab44c,
        type: 3}
      propertyPath: m_LocalEulerAnglesHint.x
      value: 0
      objectReference: {fileID: 0}
    - target: {fileID: 4771436478837025856, guid: 8ceb0f1cc58c4d74799be2f58daab44c,
        type: 3}
      propertyPath: m_LocalEulerAnglesHint.y
      value: 0
      objectReference: {fileID: 0}
    - target: {fileID: 4771436478837025856, guid: 8ceb0f1cc58c4d74799be2f58daab44c,
        type: 3}
      propertyPath: m_LocalEulerAnglesHint.z
      value: 0
      objectReference: {fileID: 0}
    m_RemovedComponents: []
  m_SourcePrefab: {fileID: 100100000, guid: 8ceb0f1cc58c4d74799be2f58daab44c, type: 3}
--- !u!4 &6504034631495627853 stripped
Transform:
  m_CorrespondingSourceObject: {fileID: 4771436478837025856, guid: 8ceb0f1cc58c4d74799be2f58daab44c,
    type: 3}
  m_PrefabInstance: {fileID: 1762443725923506189}
  m_PrefabAsset: {fileID: 0}
--- !u!1001 &7300975031459125374
PrefabInstance:
  m_ObjectHideFlags: 0
  serializedVersion: 2
  m_Modification:
    m_TransformParent: {fileID: 1843653180919810673}
    m_Modifications:
    - target: {fileID: 869564675930842954, guid: 5f7ed64c66414f845b309907a9644b04,
        type: 3}
      propertyPath: m_Name
      value: RootNode (gltf orientation matrix)
      objectReference: {fileID: 0}
    - target: {fileID: 869564675930842964, guid: 5f7ed64c66414f845b309907a9644b04,
        type: 3}
      propertyPath: m_LocalPosition.x
      value: 4.08
      objectReference: {fileID: 0}
    - target: {fileID: 869564675930842964, guid: 5f7ed64c66414f845b309907a9644b04,
        type: 3}
      propertyPath: m_LocalPosition.y
      value: 0
      objectReference: {fileID: 0}
    - target: {fileID: 869564675930842964, guid: 5f7ed64c66414f845b309907a9644b04,
        type: 3}
      propertyPath: m_LocalPosition.z
      value: -0
      objectReference: {fileID: 0}
    - target: {fileID: 869564675930842964, guid: 5f7ed64c66414f845b309907a9644b04,
        type: 3}
      propertyPath: m_LocalRotation.x
      value: 0.7071068
      objectReference: {fileID: 0}
    - target: {fileID: 869564675930842964, guid: 5f7ed64c66414f845b309907a9644b04,
        type: 3}
      propertyPath: m_LocalRotation.y
      value: 0
      objectReference: {fileID: 0}
    - target: {fileID: 869564675930842964, guid: 5f7ed64c66414f845b309907a9644b04,
        type: 3}
      propertyPath: m_LocalRotation.z
      value: 0
      objectReference: {fileID: 0}
    - target: {fileID: 869564675930842964, guid: 5f7ed64c66414f845b309907a9644b04,
        type: 3}
      propertyPath: m_LocalRotation.w
      value: 0.7071068
      objectReference: {fileID: 0}
    - target: {fileID: 869564675930842964, guid: 5f7ed64c66414f845b309907a9644b04,
        type: 3}
      propertyPath: m_RootOrder
      value: 0
      objectReference: {fileID: 0}
    - target: {fileID: 869564675930842964, guid: 5f7ed64c66414f845b309907a9644b04,
        type: 3}
      propertyPath: m_LocalEulerAnglesHint.x
      value: 90
      objectReference: {fileID: 0}
    - target: {fileID: 869564675930842964, guid: 5f7ed64c66414f845b309907a9644b04,
        type: 3}
      propertyPath: m_LocalEulerAnglesHint.y
      value: 0
      objectReference: {fileID: 0}
    - target: {fileID: 869564675930842964, guid: 5f7ed64c66414f845b309907a9644b04,
        type: 3}
      propertyPath: m_LocalEulerAnglesHint.z
      value: 0
      objectReference: {fileID: 0}
    - target: {fileID: 7257632669585848269, guid: 5f7ed64c66414f845b309907a9644b04,
        type: 3}
      propertyPath: m_LocalPosition.x
      value: -5.71
      objectReference: {fileID: 0}
    m_RemovedComponents: []
  m_SourcePrefab: {fileID: 100100000, guid: 5f7ed64c66414f845b309907a9644b04, type: 3}
--- !u!4 &7584930854058327850 stripped
Transform:
  m_CorrespondingSourceObject: {fileID: 869564675930842964, guid: 5f7ed64c66414f845b309907a9644b04,
    type: 3}
  m_PrefabInstance: {fileID: 7300975031459125374}
  m_PrefabAsset: {fileID: 0}
